@article{Chatterjee2013,
author="Chatterjee, Krishnendu
and Doyen, Laurent
and Henzinger, Thomas A.",
title="A survey of partial-observation stochastic parity games",
journal="Formal Methods in System Design",
year="2013",
month="Oct",
day="01",
volume="43",
number="2",
pages="268--284",
issn="1572-8102",
doi="10.1007/s10703-012-0164-2",
}
@ARTICLE{Wong2012, 
author={T. Wongpiromsarn and U. Topcu and R. M. Murray}, 
journal={IEEE Transactions on Automatic Control}, 
title={Receding Horizon Temporal Logic Planning}, 
year={2012}, 
volume={57}, 
number={11}, 
pages={2817-2830}, 
ISSN={0018-9286}, 
month={Nov},}
@INPROCEEDINGS{Kress2007, 
author={H. Kress-Gazit and G. E. Fainekos and G. J. Pappas}, 
title     = {From structured english to robot motion},
booktitle={Proc.\ {IROS} 2007}, 
year={2007}, 
pages={2717-2722}, 
doi={10.1109/IROS.2007.4398998}, 
month={Oct},}
@article{Bertoli2006,
title = "Strong planning under partial observability",
journal = "Artificial Intelligence",
volume = "170",
number = "4",
pages = "337 - 384",
year = "2006",
note = "",
issn = "0004-3702",
doi = "http://dx.doi.org/10.1016/j.artint.2006.01.004",
author = "Piergiorgio Bertoli and Alessandro Cimatti and Marco Roveri and Paolo Traverso",
}

@inproceedings{Alur2015,
  author    = {Rajeev Alur and
               Salar Moarref and
               Ufuk Topcu},
  title     = {Pattern-Based Refinement of Assume-Guarantee Specifications in Reactive
               Synthesis},
  booktitle = {Tools and Algorithms for the Construction and Analysis of Systems
               - 21st International Conference, {TACAS} 2015, Held as Part of the
               European Joint Conferences on Theory and Practice of Software, ETAPS
               2015, London, UK, April 11-18, 2015. Proceedings},
  pages     = {501--516},
  year      = {2015},
  doi       = {10.1007/978-3-662-46681-0_49},
  timestamp = {Thu, 15 Jun 2017 21:37:10 +0200},
  bibsource = {dblp computer science bibliography, http://dblp.org}
}

@book{BaierKatoen08,
  author    = {Christel Baier and
               Joost{-}Pieter Katoen},
  title     = {Principles of model checking},
  publisher = {{MIT} Press},
  year      = {2008}
}
@INPROCEEDINGS{Brockett97, 
author={W. Brockett}, 
booktitle={Proceedings of the 36th IEEE Conference on Decision and Control}, 
title={Minimum attention control}, 
year={1997}, 
volume={3}, 
pages={2628-2632 vol.3}, 
doi={10.1109/CDC.1997.657776}, 
ISSN={0191-2216}, 
month={Dec},}
@INPROCEEDINGS{Brockett03, 
author={R. W. Brockett}, 
booktitle={42nd IEEE International Conference on Decision and Control (IEEE Cat. No.03CH37475)}, 
title={Minimizing attention in a motion control context}, 
year={2003}, 
volume={4}, 
pages={3349-3352 vol.4}, 
doi={10.1109/CDC.2003.1271661}, 
ISSN={0191-2216}, 
month={Dec},}
@Inbook{Tishby2011,
author="Tishby, Naftali
and Polani, Daniel",
editor="Cutsuridis, Vassilis
and Hussain, Amir
and Taylor, John G.",
title="Information Theory of Decisions and Actions",
bookTitle="Perception-Action Cycle: Models, Architectures, and Hardware",
year="2011",
publisher="Springer New York",
address="New York, NY",
pages="601--636",
isbn="978-1-4419-1452-1",
doi="10.1007/978-1-4419-1452-1_19",
}
@ARTICLE{Hoffmann10, 
author={G. M. Hoffmann and C. J. Tomlin}, 
journal={IEEE Transactions on Automatic Control}, 
title={Mobile Sensor Network Control Using Mutual Information Methods and Particle Filters}, 
year={2010}, 
volume={55}, 
number={1}, 
pages={32-47},
doi={10.1109/TAC.2009.2034206}, 
ISSN={0018-9286}, 
month={Jan},}

@article{Papadimitriou87,
author = {Christos H. Papadimitriou and John N. Tsitsiklis},
title = {The Complexity of {M}arkov Decision Processes},
journal = {Mathematics of Operations Research},
volume = {12},
number = {3},
pages = {441-450},
year = {1987},
doi = {10.1287/moor.12.3.441},
}
@INPROCEEDINGS{Svoreňová13, 
author={M. Svorenova and I. Cerna and C. Belta}, 
booktitle={52nd IEEE Conference on Decision and Control}, 
title={Optimal control of {MDP}s with temporal logic constraints}, 
year={2013}, 
pages={3938-3943}, 
doi={10.1109/CDC.2013.6760491}, 
ISSN={0191-2216}, 
month={Dec},}

@ARTICLE{Ding14, 
author={X. Ding and S. L. Smith and C. Belta and D. Rus}, 
journal={IEEE Transactions on Automatic Control}, 
title={Optimal Control of {M}arkov Decision Processes With Linear Temporal Logic Constraints}, 
year={2014}, 
volume={59}, 
number={5}, 
pages={1244-1257}, 
doi={10.1109/TAC.2014.2298143}, 
ISSN={0018-9286}, 
month={May},}

@INPROCEEDINGS{Fu15, 
author={J. Fu and S. Han and U. Topcu}, 
booktitle={2015 54th IEEE Conference on Decision and Control}, 
title={Optimal control in {M}arkov decision processes via distributed optimization}, 
year={2015}, 
pages={7462-7469}, 
keywords={Markov processes;distributed control;linear programming;optimal control;path planning;robots;sparse matrices;stochastic systems;temporal logic;Markov decision process;decomposition-based distributed synthesis algorithm;distributed optimization;large-scale stochastic system;linear programming;optimal control;quantitative temporal logic constraints;robotic motion planning;sparse constraint matrix;Linear programming;Markov processes;Optimization;Planning;Probability distribution;Silicon;Stochastic systems}, 
doi={10.1109/CDC.2015.7403398}, 
month={Dec},}

@ARTICLE{Tatikonda04, 
author={S. Tatikonda and S. Mitter}, 
journal={IEEE Transactions on Automatic Control}, 
title={Control under communication constraints}, 
year={2004}, 
volume={49}, 
number={7}, 
pages={1056-1068}, 
doi={10.1109/TAC.2004.831187}, 
ISSN={0018-9286}, 
month={July},}

@ARTICLE{Murray03, 
author={R. M. Murray and K. J. Astrom and S. P. Boyd and R. W. Brockett and G. Stein}, 
journal={IEEE Control Systems}, 
title={Future directions in control in an information-rich world}, 
year={2003}, 
volume={23}, 
number={2}, 
pages={20-33}, 
ISSN={1066-033X}, 
month={Apr},}
@inproceedings{sherwood2014,
  title={An integrated planning and scheduling prototype for automated Mars rover command generation},
  author={Sherwood, Robert and Mishkin, Andrew and Chien, Steve and Estlin, Tara and Backes, Paul and Cooper, Brian and Rabideau, Gregg and Engelhardt, Barbara},
  booktitle={Sixth European Conference on Planning},
  year={2014}
}
@INPROCEEDINGS{Backes1999, 
author={P. G. Backes and G. Rabideau and K. S. Tso and S. Chien}, 
booktitle={Proceedings in IEEE International Conference on Robotics and Automation}, 
title={Automated planning and scheduling for planetary rover distributed operations}, 
year={1999}, 
volume={2}, 
pages={984-991}, 
doi={10.1109/ROBOT.1999.772438}, 
ISSN={1050-4729}, 
month={},}
@ARTICLE{Baillieul07, 
author={J. Baillieul and P. J. Antsaklis}, 
journal={Proceedings of the IEEE}, 
title={Control and Communication Challenges in Networked Real-Time Systems}, 
year={2007}, 
volume={95}, 
number={1}, 
pages={9-28}, 
doi={10.1109/JPROC.2006.887290}, 
ISSN={0018-9219}, 
month={Jan},}
@INPROCEEDINGS{Burlet04, 
author={J. Burlet and O. Aycard and T. Fraichard}, 
booktitle={Robotics and Automation, 2004. Proceedings. ICRA '04. 2004 IEEE International Conference on}, 
title={Robust motion planning using {M}arkov decision processes and quadtree decomposition}, 
year={2004}, 
volume={3}, 
pages={2820-2825 Vol.3}, 
doi={10.1109/ROBOT.2004.1307488}, 
ISSN={1050-4729}, 
month={April},}

@ARTICLE{Ragi13, 
author={S. Ragi and E. K. P. Chong}, 
journal={IEEE Transactions on Aerospace and Electronic Systems}, 
title={{UAV} Path Planning in a Dynamic Environment via Partially Observable {M}arkov Decision Process}, 
year={2013}, 
volume={49}, 
number={4}, 
pages={2397-2412}, 
doi={10.1109/TAES.2013.6621824}, 
ISSN={0018-9251}, 
month={OCTOBER},}

@article{schreiber2000,
  title={Measuring information transfer},
  author={Schreiber, Thomas},
  journal={Physical review letters},
  volume={85},
  number={2},
  pages={461},
  year={2000},
  publisher={APS}
}
@inproceedings{Bharadwaj17,
  author    = {Suda Bharadwaj and Stephane Le Roux and Guillermo Perez and Ufuk Topcu},
  title     = {Reduction Techniques for Model Checking and Learning in {MDP}s},
  booktitle = {Proceedings of the International Joint Conference on
               Artificial Intelligence},
  pages     = {4273--4279},
  year      = {2017},
  doi       = {10.24963/ijcai.2017/597},
}
@book{puterman2014,
  title={Markov decision processes: discrete stochastic dynamic programming},
  author={Puterman, Martin L},
  year={2005},
  publisher={John Wiley \& Sons}
}
@ARTICLE{Naiss13, 
author={I. Naiss and H. H. Permuter}, 
journal={IEEE Transactions on Information Theory}, 
title={Extension of the Arimoto-Blahut Algorithm for Maximizing Directed Information}, 
year={2013}, 
volume={59}, 
number={1}, 
pages={204-222}, 
doi={10.1109/TIT.2012.2214202}, 
ISSN={0018-9448}, 
month={Jan},}

@ARTICLE{Blahut72, 
author={R. Blahut}, 
journal={IEEE Transactions on Information Theory}, 
title={Computation of channel capacity and rate-distortion functions}, 
year={1972}, 
volume={18}, 
number={4}, 
pages={460-473}, 
ISSN={0018-9448}, 
month={Jul},}
@article{tanaka2017lqg,
  title={{LQG} control with minimum directed information: Semidefinite programming approach},
  author={Tanaka, Takashi and Esfahani, Peyman Mohajerin and Mitter, Sanjoy K},
  journal={IEEE Transactions on Automatic Control},
  year={2017},
  publisher={IEEE},
}
@article{Todorov09,
author = {Todorov, Emanuel},
year = {2009},
month = {August},
pages = {11478-83},
title = {Efficient computation of optimal actions},
volume = {106},
journal = {Proceedings of the National Academy of Sciences of the United States of America}
}
@inproceedings{massey1990causality,
  title={Causality, feedback and directed information},
  author={Massey, James},
  booktitle={Proceeings in the International Symposium on Information Theory Applications},
  pages={303--305},
  year={1990}
}
@article{tatikonda2009capacity,
  title={The capacity of channels with feedback},
  author={Tatikonda, Sekhar and Mitter, Sanjoy},
  journal={IEEE Transactions on Information Theory},
  volume={55},
  number={1},
  pages={323--349},
  year={2009},
  publisher={IEEE}
}
@article{silva2011achievable,
  title={An achievable data-rate region subject to a stationary performance constraint for LTI plants},
  author={Silva, Eduardo I and Derpich, Milan S and Ostergaard, Jan},
  journal={IEEE Transactions on Automatic Control},
  volume={56},
  number={8},
  pages={1968--1973},
  year={2011},
  publisher={IEEE}
}
@article{parrondo2015thermodynamics,
  title={Thermodynamics of information},
  author={Parrondo, Juan MR and Horowitz, Jordan M and Sagawa, Takahiro},
  journal={Nature physics},
  volume={11},
  number={2},
  pages={131},
  year={2015},
  publisher={Nature Publishing Group}
}
@article{vicente2011transfer,
  title={Transfer entropy—a model-free measure of effective connectivity for the neurosciences},
  author={Vicente, Raul and Wibral, Michael and Lindner, Michael and Pipa, Gordon},
  journal={Journal of computational neuroscience},
  volume={30},
  number={1},
  pages={45--67},
  year={2011},
  publisher={Springer}
}
@inproceedings{tung2007inferring,
  title={Inferring gene regulatory networks from microarray time series data using transfer entropy},
  author={Tung, Thai Quang and Ryu, Taewoo and Lee, Kwang H and Lee, Doheon},
  booktitle={IEEE International Symposium on Computer-Based Medical Systems},
  pages={383--388},
  year={2007},
  organization={IEEE}
}
@inproceedings{krause2006near,
  title={Near-optimal sensor placements: Maximizing information while minimizing communication cost},
  author={Krause, Andreas and Guestrin, Carlos and Gupta, Anupam and Kleinberg, Jon},
  booktitle={Proceedings of the 5th international conference on Information processing in sensor networks},
  pages={2--10},
  year={2006},
  organization={ACM}
}
@inproceedings{safra1988complexity,
  title={On the complexity of omega-automata},
  author={Safra, Shmuel},
  booktitle={Foundations of Computer Science, 1988., 29th Annual Symposium on},
  pages={319--327},
  year={1988},
  organization={IEEE}
}
@book{petersen2012robust,
  title={Robust Control Design Using H-∞ Methods},
  author={Petersen, Ian and Ugrinovskii, Valery A and Savkin, Andrey V},
  year={2012},
  publisher={Springer Science \& Business Media}
}
@inproceedings{estlin2007increased,
  title={Increased Mars rover autonomy using AI planning, scheduling and execution},
  author={Estlin, Tara and Gaines, Daniel and Chouinard, Caroline and Castano, Rebecca and Bornstein, Benjamin and Judd, Michele and Nesnas, Issa and Anderson, Robert},
  booktitle={IEEE International Conference on Robotics and Automation},
  pages={4911--4918},
  year={2007},
  organization={IEEE}
}
@inproceedings{francis2017advanced,
  title={Advanced Rover Science Autonomy Experiments in Preparation for the Mars 2020 Mission: Results from the 2016 CanMars Analogue Mission},
  author={Francis, R and Gaines, D and Osinski, GR},
  booktitle={Lunar and Planetary Science Conference},
  volume={48},
  year={2017}
}
@ARTICLE{Nair07, 
author={G. N. Nair and F. Fagnani and S. Zampieri and R. J. Evans}, 
journal={Proceedings of the IEEE}, 
title={Feedback Control Under Data Rate Constraints: An Overview}, 
year={2007}, 
volume={95}, 
number={1}, 
pages={108-137}, 
keywords={control systems;linear systems;data rate constraints;feedback control;feedback data rate;quantized control;Actuators;Communication system control;Control systems;Control theory;Feedback control;Feedback loop;Information theory;Mobile communication;Quantization;Sensor systems and applications;Control under communication constraints;feedback data rate;fundamental performance bounds;quantized control}, 
doi={10.1109/JPROC.2006.887294}, 
ISSN={0018-9219}, 
month={Jan},}

@inproceedings{ciesinski2008reduction,
  title={Reduction techniques for model checking Markov decision processes},
  author={Ciesinski, Frank and Baier, Christel and Groesser, Marcus and Klein, Joachim},
  booktitle={International Conference on Quantitative Evaluation of Systems},
  year={2008},
  organization={IEEE},
}

@inproceedings{brazdil2014verification,
  title={Verification of Markov decision processes using learning algorithms},
  author={Br{\'a}zdil, Tom{\'a}{\v{s}} and Chatterjee, Krishnendu and Chmel{\'\i}k, Martin and Forejt, Vojt{\v{e}}ch and K{\v{r}}et{\'\i}nsk{\`y}, Jan and Kwiatkowska, Marta and Parker, David and Ujma, Mateusz},
  booktitle={International Symposium on Automated Technology for Verification and Analysis},
  pages={98--114},
  year={2014},
  organization={Springer}
}
@book{van2004mathematical,
  title={Mathematical techniques for analyzing concurrent and probabilistic systems},
  author={van Breugel, Frank and Panangaden, Prakash and Rutten, JJMM},
  year={2004},
  publisher={American Mathematical Society}
}
@article{landau2015helicopter,
  title={Helicopter Could Be ‘Scout’ for Mars Rovers},
  author={Landau, Elizabeth},
  journal={NASA/JPL News Release},
  volume={31},
  year={2015}
}
@article{takashi17,
  title={Finite State Markov Decision Processes with Transfer Entropy Costs},
  author={Tanaka, Takashi and Sandberg, Henrik and Skoglund, Mikael},
  journal={arXiv preprint arXiv:1708.09096},
  year={2017}
}
@article{marko1973bidirectional,
	title={The bidirectional communication theory--a generalization of information theory},
	author={Marko, Hans},
	journal={IEEE Transactions on communications},
	volume={21},
	number={12},
	pages={1345--1351},
	year={1973},
	publisher={IEEE}
}
@inproceedings{kramer1998causal,
	title={Causal conditioning, directed information and the multiple-access channel with feedback},
	author={Kramer, Gerhard},
	booktitle={In Proceedings of the IEEE International Symposium on Information Theory},
	pages={189},
	year={1998},
	organization={IEEE}
}
@inproceedings{forejt2011automated,
  title={Automated Verification Techniques for Probabilistic Systems.},
  author={Forejt, Vojtech and Kwiatkowska, Marta Z and Norman, Gethin and Parker, David},
  booktitle={SFM},
  volume={11},
  pages={53--113},
  year={2011},
  organization={Springer}
}
@article{kupferman2001model,
	title={Model checking of safety properties},
	author={Kupferman, Orna and Vardi, Moshe Y},
	journal={Formal Methods in System Design},
	volume={19},
	number={3},
	pages={291--314},
	year={2001},
	publisher={Springer}
}
@article{csiszar1974extremum,
	title={On an extremum problem of information theory},
	author={Csisz{\'a}r, I},
	journal={Studia Scientiarum Mathematicarum Hungarica},
	volume={9},
	number={1},
	pages={57--71},
	year={1974}
}
@book{cover2012elements,
  title={Elements of {I}nformation {T}heory},
  author={Cover, Thomas M and Thomas, Joy A},
  year={2012},
  publisher={John Wiley \& Sons}
}
@INPROCEEDINGS{Lacerda14, 
author={B. Lacerda and D. Parker and N. Hawes}, 
booktitle={IEEE/RSJ International Conference on Intelligent Robots and Systems}, 
title={Optimal and dynamic planning for {M}arkov decision processes with co-safe {LTL} specifications}, 
year={2014}, 
volume={}, 
number={}, 
pages={1511-1516}, 
doi={10.1109/IROS.2014.6942756}, 
ISSN={2153-0858}, 
month={Sept},}